@misc{NIST:DLMF,
   key = "{\relax DLMF}",
   title = "{{NIST} Digital Library of Mathematical Functions}",
   howpublished = "\url{https://dlmf.nist.gov/}, Release 1.2.4 of 2025-03-15",
   url = "https://dlmf.nist.gov/",
   note = "F.~W.~J. Olver, A.~B. {Olde Daalhuis}, D.~W. Lozier, B.~I. Schneider,
         R.~F. Boisvert, C.~W. Clark, B.~R. Miller, B.~V. Saunders,
         H.~S. Cohl, and M.~A. McClain, eds."
}

@book{Griffiths,
   author = "D. J. Griffiths and D. F. Schroeter",
   title = "Introduction to Quantum Mechanics",
   edition = "3rd",
   publisher = "Cambridge University Press",
   year = "2018",
   pages = "376-387"
}

@book{Cohen-Tannoudji,
   author = "C. Cohen-Tannoudji and B. Diu and F. Laloë",
   title = "Quantum Mechanics: Angular Momentum, Spin, and Approximation Methods",
   volume = "II",
   edition = "2nd",
   publisher = "Wiley-VCH",
   year = "2020",
   pages = "946-947"
}

@article{Profumo_2018,
   title={Searching for secluded dark matter with {H.E.S.S.}, {Fermi-LAT}, and {Planck}},
   volume={03},
   ISSN={1475-7516},
   url={https://dx.doi.org/10.1088/1475-7516/2018/03/010},
   DOI={10.1088/1475-7516/2018/03/010},
   number={03},
   journal={JCAP},
   publisher={IOP Publishing},
   author={Profumo, Stefano and Queiroz, Farinaldo S. and Silk, Joseph and Siqueira, Clarissa},
   year={2018},
   month=mar,
   pages={010},
   archivePrefix={arXiv},
   eprint={1711.03133},
   primaryClass={hep-ph},
}

@inbook{Walker_2013,
   title={Dark Matter in the Galactic Dwarf Spheroidal Satellites},
   ISBN={9789400756120},
   url={https://dx.doi.org/10.1007/978-94-007-5612-0_20},
   DOI={10.1007/978-94-007-5612-0_20},
   booktitle={Planets, Stars and Stellar Systems},
   publisher={Springer Netherlands},
   author={Walker, Matthew},
   year={2013},
   pages={1039-1089},
   archivePrefix={arXiv},
   eprint={1205.0311},
   primaryClass={astro-ph.CO},
}

@article{Hannestad_2011,
   title={Sommerfeld enhancement of {DM} annihilation: resonance structure, freeze-out and {CMB} spectral bound},
   volume={01},
   ISSN={1475-7516},
   url={https://dx.doi.org/10.1088/1475-7516/2011/01/016},
   DOI={10.1088/1475-7516/2011/01/016},
   number={01},
   journal={JCAP},
   publisher={IOP Publishing},
   author={Hannestad, Steen and Tram, Thomas},
   year={2011},
   month=jan,
   pages={016},
   archivePrefix={arXiv},
   eprint={1008.1511v3},
   primaryClass={astro-ph.CO}
}

@article{Arkani_2009,
   title={A theory of dark matter},
   volume={79},
   ISSN={1550-2368},
   url={https://dx.doi.org/10.1103/PhysRevD.79.015014},
   number={1},
   journal={Phys. Rev. D},
   publisher={American Physical Society (APS)},
   author={Arkani-Hamed, Nima and Finkbeiner, Douglas P. and Slatyer, Tracy R. and Weiner, Neal},
   year={2009},
   pages={015014},
   month=jan,
   archivePrefix={arXiv},
   eprint={0810.0713},
   primaryClass={hep-ph}
}

@article{Sommerfeld_1931,
   author={Sommerfeld, Arnold},
   title={Über die beugung und bremsung der elektronen},
   url={https://dx.doi.org/10.1002/andp.19314030302},
   DOI={10.1002/andp.19314030302},
   volume={403},
   year={1931},
   pages={257-330},
   journal={Annalen der Physik}
}

@misc{Cirelli_2024,
   title={Dark Matter}, 
   author={Marco Cirelli and Alessandro Strumia and Jure Zupan},
   year={2024},
   eprint={2406.01705},
   archivePrefix={arXiv},
   primaryClass={hep-ph},
   url={https://arxiv.org/abs/2406.01705}, 
}

@misc{Sala_2019,
   author={Gouttenoire, Yann and Sala, Filippo},
   title={{BSM} in the sky, exercises for the Summer School on {BSM} particle physics and cosmology, {Ljubljana}},
   url={https://web.archive.org/web/20240703095730/https://indico.ijs.si/event/1007/contributions/22/attachments/22/28/BSMskytuto_v2.pdf},
   year={2019},
   keywords={link-title}
}

@article{Ferrer_2013,
   title={The impact of the phase-space density on the indirect detection of dark matter},
   volume={09},
   ISSN={1475-7516},
   url={http://dx.doi.org/10.1088/1475-7516/2013/09/005},
   DOI={10.1088/1475-7516/2013/09/005},
   number={09},
   journal={JCAP},
   publisher={IOP Publishing},
   author={Ferrer, Francesc and Hunter, Daniel R},
   year={2013},
   month=sep,
   pages={005},
   archivePrefix={arXiv},
   primaryClass={hep-ph.HE},
   eprint={1306.6586v1}
}

@article{Bertone_2018,
   title={History of dark matter},
   volume={90},
   ISSN={1539-0756},
   url={http://dx.doi.org/10.1103/RevModPhys.90.045002},
   DOI={10.1103/revmodphys.90.045002},
   number={4},
   journal={Rev. Mod. Phys.},
   publisher={American Physical Society (APS)},
   author={Bertone, Gianfranco and Hooper, Dan},
   year={2018},
   month=oct,
   archivePrefix={arXiv},
   primaryClass={astro-ph.CO},
   eprint={1605.04909}
}

@misc{Volansky_2014,
   title={Dark Matter, {GGI} school on the theory of fundamental interactions, {Florence}},
   url={https://www.youtube.com/watch?v=5BR9dQa46AA&list=PL1CFLtxeIrQpA2CL0K5gBmpOhkX2qC_X0},
   year={2014},
   author={Volansky, Tomer},
   keywords={link-title}
}

@misc{Lisanti_2018,
   title={The Physics of Dark Matter, {ICTP Trieste}},
   url={https://www.youtube.com/watch?v=J5vcAZoxhAc},
   year={2018},
   author={Lisanti, Mariangela},
   keywords={link-title}
}

@misc{Hooper_2018,
      title={TASI Lectures on Indirect Searches For Dark Matter}, 
      author={Dan Hooper},
      year={2018},
      eprint={1812.02029},
      archivePrefix={arXiv},
      primaryClass={hep-ph},
      url={https://arxiv.org/abs/1812.02029}, 
}

@article{Zwicky_1933,
   author={Zwicky, Fritz},
   year={1933},
   title={The redshift of extragalactic nebulae},
   journal={Helvetica Physica Acta},
   volume={6},
   pages={110},
   url={https://dx.doi.org/10.1007/s10714-008-0707-4}
}

@article{Rubin_1970,
   author={Rubin, Vera and Ford, Jr., William Kent},
   year={1970},
   journal={Astrophys. J.},
   volume={159},
   pages={379},
   url={https://articles.adsabs.harvard.edu//full/1970ApJ...159..379R/0000379.000.html}
}

@article{Bosma_1981,
   author={Bosma, Albert},
   title={21-cm line studies of spiral galaxies. {II}. The distribution and kinematics of neutral hydrogen in spiral galaxies of various morphological types.},
   year={1981},
   journal={Astronomical J.},
   volume={86},
   pages={1825-1846},
   url={https://articles.adsabs.harvard.edu//full/1981AJ.....86.1825B/0001825.000.html}
}

@article{Babcock_1939,
   author={Babcock, Horace Welcome},
   title={The rotation of the Andromeda Nebula},
   year={1939},
   journal={Lick Observatory Bulletin},
   volume={19},
   pages={41},
   url={https://adsabs.harvard.edu/full/1939LicOB..19...41B}
}

@article{Roberts_1975,
   author={Roberts, M. S. and Whitehurst, R. N.},
   title={The rotation curve and geometry of {M31} at large galactocentric distances},
   journal={Astrophys. J.},
   volume={201},
   pages={327-346},
   year={1975},
   url={https://dx.doi.org/10.1086/153889}
}

@article{Carignan_2006,
   title={The Extended {HI} Rotation Curve and Mass Distribution of {M31}},
   volume={641},
   ISSN={1538-4357},
   url={http://dx.doi.org/10.1086/503869},
   DOI={10.1086/503869},
   number={2},
   journal={The Astrophysical Journal},
   publisher={American Astronomical Society},
   author={Carignan, Claude and Chemin, Laurent and Huchtmeier, Walter K. and Lockman, Felix J.},
   year={2006},
   month=mar,
   pages={L109-L112},
   archivePrefix={arXiv},
   eprint={astro-ph/0603143},
   primaryClass={astro-ph}
}

@article{Freeman_1970,
   title={On the Disks of Spiral and {S0} Galaxies},
   author={Freeman, K. C.},
   month=jun,
   year={1970},
   volume={160},
   pages={811},
   journal={Astrophys. J.},
   url={https://dx.doi.org/10.1086/150474}
}

@article{Clowe_2006,
   title={A Direct Empirical Proof of the Existence of Dark Matter},
   volume={648},
   ISSN={1538-4357},
   url={http://dx.doi.org/10.1086/508162},
   DOI={10.1086/508162},
   number={2},
   journal={The Astrophysical Journal},
   publisher={American Astronomical Society},
   author={Clowe, Douglas and Bradač, Maruša and Gonzalez, Anthony H. and Markevitch, Maxim and Randall, Scott W. and Jones, Christine and Zaritsky, Dennis},
   year={2006},
   month=aug,
   pages={L109-L113},
   archivePrefix={arXiv},
   eprint={astro-ph/0608407},
   primaryClass={astro-ph}
}

@misc{Balaji_2023,
   title={Dark Matter spikes around Sgr A* in $\gamma$-rays}, 
   author={Shyam Balaji and Divya Sachdeva and Filippo Sala and Joseph Silk},
   year={2023},
   eprint={2303.12107},
   archivePrefix={arXiv},
   primaryClass={hep-ph},
   url={https://arxiv.org/abs/2303.12107}, 
}

@article{Abdallah_2016,
   title={Search for Dark Matter Annihilations towards the Inner Galactic Halo from 10 Years of Observations with {H.E.S.S.}},
   volume={117},
   ISSN={1079-7114},
   url={http://dx.doi.org/10.1103/PhysRevLett.117.111301},
   number={11},
   journal={Phys. Rev. Lett.},
   publisher={American Physical Society (APS)},
   author={Abdallah, H. and Abramowski, A. and Aharonian, F. and Ait Benkhali, F. and Akhperjanian, A. G. and Angüner, E. and Arrieta, M. and Aubert, P. and Backes, M. and Balzer, A. and Barnard, M. and Becherini, Y. and Becker Tjus, J. and Berge, D. and Bernhard, S. and Bernlöhr, K. and Birsin, E. and Blackwell, R. and Böttcher, M. and Boisson, C. and Bolmont, J. and Bordas, P. and Bregeon, J. and Brun, F. and Brun, P. and Bryan, M. and Bulik, T. and Capasso, M. and Carr, J. and Casanova, S. and Chakraborty, N. and Chalme-Calvet, R. and Chaves, R. C. G. and Chen, A. and Chevalier, J. and Chrétien, M. and Colafrancesco, S. and Cologna, G. and Condon, B. and Conrad, J. and Couturier, C. and Cui, Y. and Davids, I. D. and Degrange, B. and Deil, C. and deWilt, P. and Djannati-Ataï, A. and Domainko, W. and Donath, A. and Drury, L. O’C. and Dubus, G. and Dutson, K. and Dyks, J. and Dyrda, M. and Edwards, T. and Egberts, K. and Eger, P. and Ernenwein, J.-P. and Eschbach, S. and Farnier, C. and Fegan, S. and Fernandes, M. V. and Fiasson, A. and Fontaine, G. and Förster, A. and Funk, S. and Füßling, M. and Gabici, S. and Gajdus, M. and Gallant, Y. A. and Garrigoux, T. and Giavitto, G. and Giebels, B. and Glicenstein, J. F. and Gottschall, D. and Goyal, A. and Grondin, M.-H. and Grudzińska, M. and Hadasch, D. and Hahn, J. and Hawkes, J. and Heinzelmann, G. and Henri, G. and Hermann, G. and Hervet, O. and Hillert, A. and Hinton, J. A. and Hofmann, W. and Hoischen, C. and Holler, M. and Horns, D. and Ivascenko, A. and Jacholkowska, A. and Jamrozy, M. and Janiak, M. and Jankowsky, D. and Jankowsky, F. and Jingo, M. and Jogler, T. and Jouvin, L. and Jung-Richardt, I. and Kastendieck, M. A. and Katarzyński, K. and Katz, U. and Kerszberg, D. and Khélifi, B. and Kieffer, M. and King, J. and Klepser, S. and Klochkov, D. and Kluźniak, W. and Kolitzus, D. and Komin, Nu. and Kosack, K. and Krakau, S. and Kraus, M. and Krayzel, F. and Krüger, P. P. and Laffon, H. and Lamanna, G. and Lau, J. and Lees, J.-P. and Lefaucheur, J. and Lefranc, V. and Lemière, A. and Lemoine-Goumard, M. and Lenain, J.-P. and Leser, E. and Lohse, T. and Lorentz, M. and Lui, R. and Lypova, I. and Marandon, V. and Marcowith, A. and Mariaud, C. and Marx, R. and Maurin, G. and Maxted, N. and Mayer, M. and Meintjes, P. J. and Menzler, U. and Meyer, M. and Mitchell, A. M. W. and Moderski, R. and Mohamed, M. and Morå, K. and Moulin, E. and Murach, T. and de Naurois, M. and Niederwanger, F. and Niemiec, J. and Oakes, L. and Odaka, H. and Ohm, S. and Öttl, S. and Ostrowski, M. and Oya, I. and Padovani, M. and Panter, M. and Parsons, R. D. and Paz Arribas, M. and Pekeur, N. W. and Pelletier, G. and Petrucci, P.-O. and Peyaud, B. and Pita, S. and Poon, H. and Prokhorov, D. and Prokoph, H. and Pühlhofer, G. and Punch, M. and Quirrenbach, A. and Raab, S. and Reimer, A. and Reimer, O. and Renaud, M. and de los Reyes, R. and Rieger, F. and Romoli, C. and Rosier-Lees, S. and Rowell, G. and Rudak, B. and Rulten, C. B. and Sahakian, V. and Salek, D. and Sanchez, D. A. and Santangelo, A. and Sasaki, M. and Schlickeiser, R. and Schüssler, F. and Schulz, A. and Schwanke, U. and Schwemmer, S. and Seyffert, A. S. and Shafi, N. and Simoni, R. and Sol, H. and Spanier, F. and Spengler, G. and Spieß, F. and Stawarz, L. and Steenkamp, R. and Stegmann, C. and Stinzing, F. and Stycz, K. and Sushch, I. and Tavernet, J.-P. and Tavernier, T. and Taylor, A. M. and Terrier, R. and Tluczykont, M. and Trichard, C. and Tuffs, R. and van der Walt, J. and van Eldik, C. and van Soelen, B. and Vasileiadis, G. and Veh, J. and Venter, C. and Viana, A. and Vincent, P. and Vink, J. and Voisin, F. and Völk, H. J. and Vuillaume, T. and Wadiasingh, Z. and Wagner, S. J. and Wagner, P. and Wagner, R. M. and White, R. and Wierzcholska, A. and Willmann, P. and Wörnlein, A. and Wouters, D. and Yang, R. and Zabalza, V. and Zaborov, D. and Zacharias, M. and Zdziarski, A. A. and Zech, A. and Zefi, F. and Ziegler, A. and Żywucka, N.},
   year={2016},
   month=sep,
   archivePrefix={arXiv},
   eprint={1607.08142},
   primaryClass={astro-ph.HE}
}